@article{mcnicholas2008parsimonious,
  title={Parsimonious Gaussian mixture models},
  author={McNicholas, Paul David and Murphy, Thomas Brendan},
  journal={Statistics and Computing},
  volume={18},
  pages={285--296},
  year={2008},
  publisher={Springer}
}

@article{bouveyron2007high,
  title={High-dimensional data clustering},
  author={Bouveyron, Charles and Girard, St{\'e}phane and Schmid, Cordelia},
  journal={Computational statistics \& data analysis},
  volume={52},
  number={1},
  pages={502--519},
  year={2007},
  publisher={Elsevier}
}

@article{kim2019subspace,
  title={Subspace clustering for the finite mixture of generalized hyperbolic distributions},
  author={Kim, Nam-Hwui and Browne, Ryan},
  journal={Advances in Data Analysis and Classification},
  volume={13},
  pages={641--661},
  year={2019},
  publisher={Springer}
}

@article{bagnato2017multivariate,
  title={The multivariate leptokurtic-normal distribution and its application in model-based clustering},
  author={Bagnato, Luca and Punzo, Antonio and Zoia, Maria G},
  journal={Canadian Journal of Statistics},
  volume={45},
  number={1},
  pages={95--119},
  year={2017},
  publisher={Wiley Online Library}
}

@article{browne2022revitalizing,
  title={Revitalizing the multivariate elliptical leptokurtic-normal distribution and its application in model-based clustering},
  author={Browne, Ryan P},
  journal={Statistics \& Probability Letters},
  volume={190},
  pages={109640},
  year={2022},
  publisher={Elsevier}
}

@article{hunter2004tutorial,
  title={A tutorial on MM algorithms},
  author={Hunter, David R and Lange, Kenneth},
  journal={The American Statistician},
  volume={58},
  number={1},
  pages={30--37},
  year={2004},
  publisher={Taylor \& Francis}
}

@article{bouveyron2014model,
  title={Model-based clustering of high-dimensional data: A review},
  author={Bouveyron, Charles and Brunet-Saumard, Camille},
  journal={Computational Statistics \& Data Analysis},
  volume={71},
  pages={52--78},
  year={2014},
  publisher={Elsevier}
}

@book{boyd2004convex,
  title={Convex optimization},
  author={Boyd, Stephen P and Vandenberghe, Lieven},
  year={2004},
  publisher={Cambridge university press}
}

@article{spearman1961proof,
  title={The proof and measurement of association between two things.},
  author={Spearman, Charles},
  year={1961},
  publisher={Appleton-Century-Crofts}
}

@book{bartholomew2011latent,
  title={Latent variable models and factor analysis: A unified approach},
  author={Bartholomew, David J and Knott, Martin and Moustaki, Irini},
  volume={904},
  year={2011},
  publisher={John Wiley \& Sons}
}

@inproceedings{yan2012research,
  title={Research on optimizing recommend system for agriculture information personalization based on user clustering},
  author={Yan, Zhao and Shou-hua, Bai},
  booktitle={2012 International Conference on Industrial Control and Electronics Engineering},
  pages={1477--1480},
  year={2012},
  organization={IEEE}
}

@article{dempster1977maximum,
  title={Maximum likelihood from incomplete data via the EM algorithm},
  author={Dempster, Arthur P and Laird, Nan M and Rubin, Donald B},
  journal={Journal of the royal statistical society: series B (methodological)},
  volume={39},
  number={1},
  pages={1--22},
  year={1977},
  publisher={Wiley Online Library}
}

@article{schwarz1978estimating,
  title={Estimating the dimension of a model},
  author={Schwarz, Gideon},
  journal={The annals of statistics},
  pages={461--464},
  year={1978},
  publisher={JSTOR}
}

@article{meng1993maximum,
  title={Maximum likelihood estimation via the ECM algorithm: A general framework},
  author={Meng, Xiao-Li and Rubin, Donald B},
  journal={Biometrika},
  volume={80},
  number={2},
  pages={267--278},
  year={1993},
  publisher={Oxford University Press}
}